1967 2715
604 680 997 759 Quaestiones
1047 679 1397 752 Lucianeae.

153 864 372 932 Postquam
408 882 533 917 abhinc
567 895 675 917 annos
708 884 847 930 triginta
875 881 1093 917 Jacobitzius
1122 895 1262 930 operam
1291 884 1324 916 in
1352 880 1567 917 emendando
1595 881 1753 915 Luciano
1782 879 1851 914 col-

153 952 270 987 locare
297 957 328 985 et
355 956 559 998 apparatum
589 951 742 984 criticum
770 949 934 997 colligere
961 951 1127 997 caepim)
1157 949 1308 997 vulgata,
1336 962 1439 996 quam
1468 947 1596 989 dicunt‚
1625 946 1761 982 tandem
1790 946 1849 980 ali-

154 1018 294 1067 quando
331 1017 471 1064 explosa
506 1024 609 1065 atquc
642 1030 722 1051 vcra
757 1018 927 1063 scriptura
962 1019 1148 1052 innumeris
1183 1017 1268 1051 locis
1303 1018 1460 1051 restituta
1488 1022 1548 1051 cst.
1602 1014 1673 1049 Sed
1701 1014 1735 1048 id
1764 1013 1847 1048 mihi

153 1087 265 1121 minus
299 1091 457 1120 accurate
493 1086 602 1132 egisse
636 1083 770 1117 videtur
806 1086 856 1118 vir
889 1084 1126 1121 doctissimus,
1162 1091 1197 1118 ut
1235 1083 1391 1118 codicum
1428 1085 1569 1130 stirpem
1604 1084 1786 1117 cxtricaret
1814 1088 1847 1116 et

153 1160 280 1189 certam
313 1153 396 1187 artis
432 1153 568 1187 criticae
601 1153 690 1185 viam
726 1153 964 1200 rationemque
997 1151 1258 1186 demonstraret.
1311 1151 1392 1185 Huc
1419 1150 1562 1186 accedit..
1591 1149 1686 1198 quod
1714 1163 1732 1183 a
1760 1149 1846 1183 Din-

153 1220 279 1263 dorflo,
304 1218 512 1261 Fritzsehio,
540 1218 843 1254 Sommcrbrodtio
872 1233 948 1253 cum
976 1218 1164 1255 librorum.
1198 1220 1255 1266 qui
1280 1219 1352 1267 jain
1381 1220 1619 1254 innotuerant,
1654 1219 1848 1264 scripturae

153 1287 274 1323 melius
301 1299 484 1324 excussae,
513 1292 583 1320 tum
611 1299 755 1332 prorsus
782 1287 862 1321 novi
891 1287 1003 1321 fontes
1030 1287 1139 1334 aperti
1168 1293 1259 1325 sunt,
1287 1300 1357 1334 quo
1386 1286 1516 1321 factum
1544 1292 1606 1322 est,
1633 1291 1670 1319 ut
1692 1284 1765 1332 jam
1793 1290 1847 1317 sat

153 1354 254 1390 bonis
281 1352 444 1389 subsidiis
471 1354 626 1387 instructi
655 1352 697 1386 ad
726 1352 999 1387 emendationem
1026 1353 1171 1388 Luciani
1200 1353 1362 1388 accedere
1384 1355 1568 1400 possimus.
1607 1350 1847 1397 Quamobrem

154 1435 224 1456 non
252 1420 372 1456 inutile
399 1420 479 1455 mihi
507 1422 616 1454 visum
645 1426 693 1454 cst
721 1420 834 1454 denuo
869 1421 1096 1469 investigare,
1133 1434 1222 1468 quac
1255 1422 1298 1455 sit
1326 1421 1600 1468 uniuscujusque
1634 1419 1763 1455 codicis
1799 1420 1847 1453 iu·

155 1488 266 1531 doles,
305 1487 484 1535 quomodo
511 1487 637 1535 singuli
667 1489 754 1521 inter
780 1500 817 1521 sc
844 1487 1069 1531 cohaereant,
1098 1488 1181 1536 quid
1210 1488 1253 1523 de
1278 1487 1467 1536 archetypo
1494 1489 1596 1522 statui
1633 1488 1753 1534 possit.
1806 1485 1849 1520 ld

153 1557 267 1603 ipsum
291 1554 463 1590 desiderat
482 1554 701 1595 Dindorflus,
726 1555 784 1602 qui
812 1556 846 1588 in
874 1555 1089 1602 praefatione
1117 1555 1195 1590 edit.
1239 1555 1533 1590 Tauchnitzianae
1558 1554 1848 1602 vol.1.pag.X1.

153 1622 238 1658 haee
263 1622 370 1657 dicat:
409 1621 541 1667 „Quod
569 1623 596 1655 si
625 1621 766 1669 quando
794 1622 923 1656 factum
958 1622 1188 1670 codicumquc
1216 1623 1414 1665 meliorum,
1451 1636 1555 1669 saepe
1591 1623 1678 1657 inter
1706 1635 1742 1656 sc
1769 1634 1850 1656 con-

154 1691 390 1732 sentientium,
424 1702 528 1736 saepe
554 1688 843 1731 dissentientium,
871 1691 1058 1724 auctoritas
1086 1692 1279 1725 accuratius
1307 1689 1486 1737 cxplorata
1515 1690 1637 1727 fuerit,
1675 1688 1718 1724 dc
1744 1688 1848 1724 rebus

154 1756 310 1804 plurimis
336 1758 464 1792 rectius
493 1757 688 1803 certiusque
715 1769 818 1803 quam
847 1770 936 1791 nunc
968 1757 1117 1805 judicari
1153 1759 1317 1804 potcrit.⁴·
1370 1756 1440 1791 Sed
1468 1763 1595 1791 metum
1624 1756 1705 1791 mihi
1733 1756 1850 1804 injecit

154 1823 386 1867 Fritzschim,
421 1825 480 1872 qui
510 1825 541 1857 in
571 1824 750 1870 prooemio
779 1823 939 1859 editionis
967 1826 1173 1859 novissimae
1208 1825 1234 1858 Ι.
1264 1838 1342 1873 pag.
1370 1825 1471 1859 xlv.
1499 1823 1612 1865 „hanc
1639 1838 1709 1860 rem
1737 1826 1771 1859 in
1799 1831 1850 1859 tot

153 1890 366 1926 voluminum
404 1892 573 1937 scriptore
609 1897 640 1924 et
675 1892 708 1925 in
745 1897 837 1925 tanta
874 1891 1081 1933 multorum,
1121 1894 1178 1940 qui
1215 1892 1350 1927 codices
1389 1892 1592 1928 conferunt,
1633 1891 1770 1927 levitate
1795 1892 1849 1927 vel

154 1959 302 1993 maxime
335 1957 478 1992 arduam
515 1964 546 1992 et
581 1957 808 2004 periculosam
844 1967 941 1993 csse*
963 1959 1108 2007 judicat.
1163 1960 1201 1993 Si
1230 1959 1336 1994 nihilo
1366 1961 1476 1994 minus
1504 1973 1574 1994 rem
1609 1958 1848 1994 difficillimam

153 2031 301 2060 tractare
335 2038 461 2063 conor,
501 2024 665 2059 audacior
701 2025 850 2060 sortasse
877 2025 1041 2069 videbor,
1080 2026 1138 2062 sed
1176 2028 1253 2061 sore
1285 2040 1400 2074 spero,
1437 2034 1473 2062 ut
1501 2028 1597 2061 venia
1626 2026 1708 2061 mihi
1737 2026 1848 2070 detur,

153 2091 343 2127 dummodo
372 2105 414 2127 ne
441 2105 586 2139 prorsus
614 2091 726 2126 oleum
755 2099 785 2127 ct
814 2106 955 2140 operam
985 2093 1204 2142 perdiderim.

287 2159 391 2194 Hanc
419 2160 654 2207 quaestionem
684 2161 869 2207 quominus
894 2167 999 2196 totam
1021 2161 1064 2196 ad
1087 2161 1257 2209 liquidum
1281 2161 1522 2208 perducamus,
1547 2174 1622 2195 cum
1645 2161 1679 2195 id
1703 2163 1850 2197 maxime

155 2225 282 2269 obstet,
309 2226 404 2274 quod
434 2233 465 2261 et
492 2226 548 2260 alii
577 2226 713 2261 codices
740 2227 826 2262 alios
854 2229 1028 2263 continent
1055 2228 1192 2263 libellos
1219 2235 1251 2263 et
1280 2228 1376 2263 multi
1405 2228 1557 2263 nondum
1586 2230 1670 2263 satis
1691 2236 1850 2264 accurate

154 2293 268 2329 collati
303 2300 404 2329 sunt.
443 2293 632 2328 artioribus
667 2293 795 2328 finibus
823 2296 1035 2342 provinciam
1072 2303 1226 2330 nostram
1261 2295 1584 2331 circumscribamus
1621 2308 1759 2330 neeesse
1786 2302 1848 2339 est,

264 2443 286 2473 ¹)
306 2442 432 2466 Lucianus
453 2450 483 2466 cx
507 2445 658 2467 recensione
682 2442 763 2468 caron
783 2442 900 2468 Jacobitz
924 2444 981 2468 von.
1005 2445 1026 2468 -1,
1050 2445 1149 2476 Lipsiae
1175 2444 1354 2468 1835-1841,
